<?xml version="1.0" encoding="UTF-8"?><collection xmlns="http://www.loc.gov/MARC21/slim"><record><leader>00485nam--2200133-i-4500</leader><controlfield tag="001">000030313</controlfield><controlfield tag="002">20161230</controlfield><controlfield tag="005">20161230201038</controlfield><controlfield tag="008">060222s1000------------r-----000-0-eng-d</controlfield><datafield ind1=" " ind2=" " tag="100"><subfield code="a">Mancianti Mario, Salardi Giovanni</subfield></datafield><datafield ind1=" " ind2=" " tag="245"><subfield code="a">Sulla determinazione del momento di inerzia e delle perdite nelle macchine rotanti</subfield></datafield><datafield ind1=" " ind2=" " tag="260"><subfield code="a">Publicazioni Della Fac.D`Ing. Di Pisa, Serie Xviii, No. 857, Pisa, 1958, 8p</subfield></datafield><datafield ind1=" " ind2=" " tag="490"><subfield code="a">Extras Din Rev. L`Energia Elettrica Fascicola No.6, 1958</subfield></datafield><datafield ind1=" " ind2=" " tag="852"><subfield code="a">13890</subfield></datafield></record></collection>